@comment{===========================================================================================

Structure of the file
  1. Effect systems
  2. Monads
  3. Comonads & applications
  4. Applications & examples
  5. Logic, types and semantics
  6. Substructural, linear, bunched
  7. Other and tools

===================================================================================================}


@comment{------------------------------------------------------------------------------------------}
@comment{  1. Effect systems                                                                       }
@comment{------------------------------------------------------------------------------------------}

@inproceedings{effects-embedding,
 author = {Orchard, Dominic and Petricek, Tomas},
 title = {Embedding Effect Systems in {Haskell}},
 booktitle = {Proceedings Haskell Symposium},
 series = {Haskell '14},
 year = {2014},
 isbn = {978-1-4503-3041-1},
 location = {Gothenburg, Sweden},
 pages = {13--24},
 numpages = {12},
}


@inproceedings{effects-gifford,
 author = {Gifford, David K. and Lucassen, John M.},
 title = {Integrating functional and imperative programming},
 booktitle = {Proceedings of Conference on LISP and func. prog.},
 series = {LFP '86},
 year = {1986},
 isbn = {0-89791-200-4},
 location = {Cambridge, Massachusetts, United States},
 numpages = {11}
}

@inproceedings{effects-polymorphic,
 author = {Lucassen, J. M. and Gifford, D. K.},
 title = {Polymorphic effect systems},
 booktitle = {Proceedings of Symposium on principles of programming languages},
 series = {POPL '88},
 year = {1988},
 isbn = {0-89791-252-7},
 location = {San Diego, California, USA},
 pages = {47--57},
 numpages = {11},
 url = {http://doi.acm.org/10.1145/73560.73564},
 doi = {10.1145/73560.73564},
 acmid = {73564},
 publisher = {ACM},
 address = {New York, NY, USA},
}

@inproceedings{effects-talpin-et-al,
  title={The type and effect discipline},
  author={Talpin, J.P. and Jouvelot, P.},
  booktitle={Logic in Computer Science, 1992. LICS'92.},
  pages={162--173},
  year={1994},
}


@inproceedings{effects-atomicity,
  author = {Flanagan, Cormac and Qadeer, Shaz},
  title = {A type and effect system for atomicity},
  booktitle = {Proceedings of Conference on Programming Language Design and Implementation},
  series = {PLDI '03},
}

@TechReport{effects-messagepassing,
  author = {Jouvelot, P. and Gifford, David K.},
  title = {Communication effects for message-based concurrency},
  institution = {Massachusetts Institute of Technology},
  year = {1989},
  key = {LCS/TM-386}
}

@inproceedings{effects-comprehensive,
 author = {Filinski, Andrzej},
 title = {Towards a comprehensive theory of monadic effects},
 booktitle = {Proceeding of International conference on functional programming},
 series = {ICFP '11},
 year = {2011},
 isbn = {978-1-4503-0865-6},
 location = {Tokyo, Japan},
}

@inproceedings{effects-producer-semantics,
 author = {Tate, Ross},
 title = {The sequential semantics of producer effect systems},
 booktitle = {Proceedings of Symposium on principles of programming languages},
 series = {POPL '13},
 year = {2013},
 isbn = {978-1-4503-1832-7},
 location = {Rome, Italy},
 pages = {15--26},
 numpages = {12},
 url = {http://doi.acm.org/10.1145/2429069.2429074},
 doi = {10.1145/2429069.2429074},
 acmid = {2429074},
 publisher = {ACM},
 address = {New York, NY, USA},
 keywords = {effectors, effects, monads, productors, thunks},
}

@incollection{effects-nielson,
  title={Type and effect systems},
  author={Nielson, Flemming and Nielson, Hanne Riis},
  booktitle={Correct System Design},
  pages={114--136},
  year={1999},
  publisher={Springer}
}

@proceedings{effects-revisited,
  editor    = {Christian W. Probst and
               Chris Hankin and
               Ren{\'{e}} Rydhof Hansen},
  title     = {Semantics, Logics, and Calculi - Essays Dedicated to Hanne Riis Nielson
               and Flemming Nielson on the Occasion of Their 60th Birthdays},
  series    = {Lecture Notes in Computer Science},
  volume    = {9560},
  publisher = {Springer},
  year      = {2016},
  doi       = {10.1007/978-3-319-27810-0},
  isbn      = {978-3-319-27809-4},
}



@inproceedings{other-optcomp,
  title={A unified approach to global program optimization},
  author={Kildall, Gary A},
  booktitle={Proceedings of Symposium on principles of programming languages},
  pages={194--206},
  year={1973},
  organization={ACM}
}


@comment{------------------------------------------------------------------------------------------}
@comment{  2. Monads
@comment{------------------------------------------------------------------------------------------}

@techreport{monad-parsing,
  author = "Graham Hutton and Erik Meijer",
  title = "{Monadic Parser Combinators}",
  institution = "Department of Computer Science, University of Nottingham",
  type = "Technical Report",
  number = "NOTTCS-TR-96-4",
  year = 1996
}
        
@article{monad-notions,
 author = {Moggi, Eugenio},
 title = {Notions of computation and monads},
 journal = {Inf. Comput.},
 volume = {93},
 issue = {1},
 month = {July},
 year = {1991},
 issn = {0890-5401},
 pages = {55--92},
 numpages = {38},
}

@inproceedings{monads-compre,
 author = {Giorgidze, George and Grust, Torsten and Schweinsberg, Nils and Weijers, Jeroen},
 title = {Bringing Back Monad Comprehensions},
 booktitle = {Proceedings of Symposium on Haskell},
 series = {Haskell '11},
 year = {2011},
 isbn = {978-1-4503-0860-1},
 location = {Tokyo, Japan},
 pages = {13--22},
 numpages = {10},
} 

@article{monads-effects-marriage,
 author = {Wadler, Philip and Thiemann, Peter},
 title = {The marriage of effects and monads},
 journal = {ACM Trans. Comput. Logic},
 volume = {4},
 issue = {1},
 month = {January},
 year = {2003},
 pages = {1--32},
 numpages = {32}
}

@article{monads-effects-remarriage,
 author = {Niki Vazou, Daan Leijen},
 title = {Remarrying Effects and Monads},
 journal = {Proceedings of MSFP},
 year = {2014},
}

@article{monads-parameterised-notions,
 author = {Atkey, Robert},
 title = {Parameterised notions of computation},
 journal = {Journal of Functional Programming},
 issue_date = {July 2009},
 volume = {19},
 issue = {3-4},
 year = {2009},
}

@inproceedings{monad-secure-flow,
 author = {Russo, Alejandro and Claessen, Koen and Hughes, John},
 title = {A library for light-weight information-flow security in {H}askell},
 booktitle = {Proceedings of Haskell Symposium},
 series = {Haskell '08},
 year = {2008},
 isbn = {978-1-60558-064-7},
 location = {Victoria, BC, Canada},
 pages = {13--24},
 numpages = {12},
}

@inproceedings{monads-lightweight-ml,
 author = {Swamy, Nikhil and Guts, Nataliya and Leijen, Daan and Hicks, Michael},
 title = {Lightweight monadic programming in {ML}},
 booktitle = {Proceedings of International conference on functional programming},
 series = {ICFP '11},
 year = {2011},
 isbn = {978-1-4503-0865-6},
 location = {Tokyo, Japan},
 pages = {15--27},
 numpages = {13},
 url = {http://doi.acm.org/10.1145/2034773.2034778},
 doi = {10.1145/2034773.2034778},
 acmid = {2034778},
 publisher = {ACM},
 address = {New York, NY, USA},
 keywords = {coercion, coherence, monad, rewriting, type},
}

@inproceedings{monads-relative,
 author = {Altenkirch, Thorsten and Chapman, James and Uustalu, Tarmo},
 title = {Monads need not be endofunctors},
 booktitle = {Proceedings of International conference on foundations of software science and computational structures},
 series = {FOSSACS},
 year = {2010},
 isbn = {3-642-12031-8, 978-3-642-12031-2},
 location = {Paphos, Cyprus},
 pages = {297--311},
 numpages = {15},
 url = {http://dx.doi.org/10.1007/978-3-642-12032-9_21},
 doi = {10.1007/978-3-642-12032-9_21},
 acmid = {2175547}
}

@inproceedings{monads-inaction,
 author = {Filinski, Andrzej},
 title = {Monads in action},
 booktitle = {Proceedings of POPL},
 _series = {POPL '10},
 year = {2010},
 isbn = {978-1-60558-479-9},
 location = {Madrid, Spain},
 _pages = {483--494},
 numpages = {12},
 url = {http://doi.acm.org/10.1145/1706299.1706354},
 doi = {10.1145/1706299.1706354},
 acmid = {1706354},
 _publisher = {ACM},
 _address = {New York, NY, USA},
 keywords = {computational effects, modular semantics, monads},
}

@Unpublished{monads-outrageous,
author = {McBride, Conor},
title = {Kleisli arrows of outrageous fortune},
note = {Journal of Functional Programming (to appear)},
url = {http://personal.cis.strath.ac.uk/~conor/Kleisli.pdf},
year = {2011}
}

@inproceedings{monads-parametric,
 author = {Katsumata, Shin-ya},
 title = {Parametric Effect Monads and Semantics of Effect Systems},
 booktitle = {Proceedings of Symposium on principles of programming languages},
 series = {POPL '14},
 year = {2014},
 isbn = {978-1-4503-2544-8},
 location = {San Diego, California, USA},
 pages = {633--645},
 numpages = {13},
 url = {http://doi.acm.org/10.1145/2535838.2535846},
 doi = {10.1145/2535838.2535846},
 acmid = {2535846},
 publisher = {ACM},
 address = {New York, NY, USA},
 keywords = {algebrac operation, computational effect, effect system, lax monoidal functor, monad, parametric effect monad},
}


@comment{------------------------------------------------------------------------------------------}
@comment{  3. Comonads & applications
@comment{------------------------------------------------------------------------------------------}

@article{app-exceptions,
  title={Advanced topics in exception handling techniques},
  author={Knudsen, J{\o}rgen Lindskov, Christophe Dony},
  year={2006},
  publisher={Springer}
}

@inproceedings{coeffects-modelling,
  title={Modelling Coeffects in the Relational Semantics of Linear Logic},
  author={Breuvart, Flavien and Pagani, Michele},
  booktitle={Leibniz International Proceedings in Informatics},
  volume={41},
  year={2015},
  organization={Schloss Dagstuhl}
}

@inproceedings{coeffects-quantitative,
  author    = {Alo\"{\i}s Brunel and
               Marco Gaboardi and
               Damiano Mazza and
               Steve Zdancewic},
  title     = {A Core Quantitative Coeffect Calculus},
  booktitle = {ESOP},
  year      = {2014},
  pages     = {351-370}
}

@inproceedings{coeffects-icalp13,
  author    = {Petricek, Tomas and Orchard, Dominic and Mycroft, Alan},
  title     = {Coeffects: unified static analysis of context-dependence},
  booktitle = {Proceedings of International Conference on Automata,
               Languages, and Programming - Volume Part II},
  series    = {ICALP 2013},
  location  = {Riga, Latvia}
}

@inproceedings{coeffects-icfp14,
 author = {Petricek, Tomas and Orchard, Dominic and Mycroft, Alan},
 title = {Coeffects: A Calculus of Context-dependent Computation},
 booktitle = {Proceedings of International conference on functional programming},
 series = {ICFP '14},
 year = {2014},
 isbn = {978-1-4503-2873-9},
 pages = {123--135},
 numpages = {13},
}


@phdthesis{comonads-dom-thesis,
author = {Dominic Orchard},
title = {Programming contextual computations},
school = {University of Cambridge},
year = {2013},
}

@article{comonads-notions,
 author = {Uustalu, Tarmo and Vene, Varmo},
 title = {Comonadic {N}otions of {C}omputation},
 journal = {Electron. Notes Theor. Comput. Sci.},
 volume = {203},
 issue = {5},
 month = {June},
 year = {2008},
 issn = {1571-0661},
 pages = {263--284},
 numpages = {22}
}

@incollection{comonads-codo,
  title={A Notation for Comonads},
  author={Orchard, Dominic and Mycroft, Alan},
  booktitle={Implementation and Application of Functional Languages},
  pages={1--17},
  year={2013},
  publisher={Springer}
}


@inproceedings{comonads-ypnos,
 author = {Orchard, Dominic and Bolingbroke, Max and Mycroft, Alan},
 title = {Ypnos: {D}eclarative, {P}arallel {S}tructured {G}rid {P}rogramming},
 booktitle = {DAMP '10},
 year = {2010},
 isbn = {978-1-60558-859-9},
 pages = {15--24},
 }

@Unpublished{comonads-vs-monads,
author = {Dominic Orchard},
title = {Should {I} use a {M}onad or a {C}omonad?},
note = {Unpublished draft},
url = {http://www.cl.cam.ac.uk/~dao29/drafts/monad-or-comonad-orchard11-draft.pdf},
year = {2012}
}

@Unpublished{comonads-and-codata,
    author = {Richard B. Kieburtz},
    title = {Codata and {C}omonads in {H}askell},
    year = {1999},
    note = {Unpublished manuscript}
}


@inproceedings{comonads-computational,
  editor = {M. P. Fourman, P. T. Johnstone, and A. M. Pitts},
  title = {Computational comonads and intensional semantics},
  author = {Stephen Brookes and Shai Geva},
  series = {Applications of Categories in Computer Science},
  year = {1992},
  volum = {177},
  publisher = {London Mathematical Society Lecture Note Series, Cambridge University Press}
}

@inproceedings{comonads-containers,
 author = {Ahman, Danel and Chapman, James and Uustalu, Tarmo},
 title = {When is a container a comonad?},
 booktitle = {Proceedings of International Conference on Foundations of Software Science and Computational Structures},
 series = {FOSSACS'12},
 year = {2012},
 isbn = {978-3-642-28728-2},
 location = {Tallinn, Estonia},
 numpages = {15},
 url = {http://dx.doi.org/10.1007/978-3-642-28729-9_5},
 doi = {10.1007/978-3-642-28729-9_5},
 acmid = {2259329}
}


@inproceedings{comonads-malias,
    author    = {Petricek, Tomas},
    title     = {Evaluations strategies for monadic computations},
    booktitle = {Proceedings of Mathematically Structured Functional Programming},
    series    = {MSFP 2012},
    location  = {Tallinn, Estonia}
}

@comment{------------------------------------------------------------------------------------------}
@comment{  4. Applications & examples
@comment{------------------------------------------------------------------------------------------}

@inproceedings{app-pixie,
  title={Resource aware programming in the {P}ixie {OS}},
  author={Lorincz, Konrad and Chen, Bor-rong and Waterman, Jason and Werner-Allen, Geoff and Welsh, Matt},
  booktitle={Proceedings of the 6th ACM conference on Embedded network sensor systems},
  pages={211--224},
  year={2008},
  organization={ACM}
}

@misc{app-fsharp,
  title={F\#},
  author={{The F\# Software Foundation}},
  howpublished = {See \url{http://fsharp.org}},
  year={2014},
}
@misc{app-fsharp-spec,
  title={F\# 3.0 language specification},
  author={{The F\# Software Foundation}},
  howpublished = {Available at \url{http://fsharp.org/specs/language-spec}},
  year={2015}
}
@misc{app-scala-spec,
  title={The Scala language specification},
  author={Odersky, Martin and Altherr, Philippe and Cremet, Vincent and Emir, Burak and Micheloud, Stphane and Mihaylov, Nikolay and Schinz, Michel and Stenman, Erik and Zenger, Matthias},
  howpublished = {Available at \url{http://www.scala-lang.org/docu/files/ScalaReference.pdf}},
  year={2014}
}


@inproceedings{app-stencil-dsl,
  title={Efficient and Correct Stencil Computation via Pattern Matching and Static Typing},
  author={Orchard, Dominic and Mycroft, Alan},
  booktitle = {Proceedings of DSL 2011},
  series={arXiv preprint arXiv:1109.0777},
  year={2011}
}

@inproceedings{app-linq-essence,
 author = {Cheney, James and Lindley, Sam and Wadler, Philip},
 title = {A Practical Theory of Language-integrated Query},
 booktitle = {Proceedings of ICFP},
 series = {ICFP '13},
 year = {2013},
 isbn = {978-1-4503-2326-0},
 pages = {403--416},
 numpages = {14},
}


@inproceedings{app-inforich,
 author = {Syme, Donald and Battocchi, Keith and Takeda, Kenji and Malayeri, Donna and Petricek, Tomas},
 title = {Themes in Information-rich Functional Programming for Internet-scale Data Sources},
 booktitle = {Proceedings of the 2013 Workshop on Data Driven Functional Programming},
 series = {DDFP '13},
 year = {2013},
 isbn = {978-1-4503-1871-6},
 location = {Rome, Italy},
 pages = {1--4},
 numpages = {4},
}


@inproceedings{app-computation-zoo,
  author    = {Petricek, Tomas and Syme, Don},
  title     = {The {F\#} Computation Expression Zoo},
  booktitle = {Proceedings of Practical Aspects of Declarative Languages},
  series    = {PADL 2014},
  location  = {San Diego, CA, USA}
}

@book{app-sql-injection,
  title={SQL Injection Attacks and Defense},
  author={Justin Clarke},
  year={2009},
  publisher={Syngress}
}

@book{app-modern-compiler,
  title={Modern compiler implementation in ML},
  author={Appel, Andrew W},
  year={1998},
  publisher={Cambridge University Press}
}

@inproceedings{app-strictness-absecnce,
  title={Strictness analysis aids time analysis},
  author={Wadler, Philip},
  booktitle={Proceedings of Symposium on principles of programming languages},
  pages={119--132},
  year={1988}
}

@inproceedings{app-linq,
 author = {Meijer, Erik and Beckman, Brian and Bierman, Gavin},
 title = {{LINQ}: reconciling object, relations and {XML} in the {.NET} framework},
 booktitle = {Proceedings of international conference on management of data},
 series = {SIGMOD '06},
 year = {2006},
 isbn = {1-59593-434-0},
 location = {Chicago, IL, USA},
 pages = {706--706},
 numpages = {1},
 url = {http://doi.acm.org/10.1145/1142473.1142552},
 doi = {10.1145/1142473.1142552},
 acmid = {1142552}
}

@inproceedings{app-fsharp-webtools,
author = {Tomas Petricek},
title = {Client-side scripting using meta-programming},
booktitle = {Bachelor thesis, Charles University in Prague},
date = {2007},
year = {2007},
url = {http://www.cl.cam.ac.uk/~tp322/theses/webtools.pdf},
urldate = {2013},
}

@article{app-ocaml-js,
  title={From bytecode to {JavasSript}: the js\_of\_ocaml compiler},
  author={Vouillon, J{\'e}r{\^o}me and Balat, Vincent},
  journal={Software: Practice and Experience},
  year={2013},
  publisher={Wiley Online Library}
}

@incollection{app-fsharp-webapps,
  title={Building Mobile Web Applications},
  author={Syme, Don and Granicz, Adam and Cisternino, Antonio},
  booktitle={Expert F\# 3.0},
  pages={391--426},
  year={2012},
  publisher={Apress}
}

@inproceedings{app-hop-diffuse,
  title={{HOP}: {A} fast server for the diffuse web},
  author={Serrano, Manuel},
  booktitle={Coordination Models and Languages},
  pages={1--26},
  year={2009},
  organization={Springer}
}


@article{app-hop-lang,
  title={Hop client-side compilation},
  author={Loitsch, Florian and Serrano, Manuel},
  journal={Trends in Functional Programming, TFP},
  pages={141--158},
  year={2007}
}

@article{app-secure-flow,
 author = {Volpano, Dennis and Irvine, Cynthia and Smith, Geoffrey},
 title = {A sound type system for secure flow analysis},
 journal = {J. Comput. Secur.},
 volume = {4},
 issue = {2-3},
 month = {January},
 year = {1996},
 pages = {167--187}
}

@article{app-slicing-survey,
  title={A survey of program slicing techniques},
  author={Tip, Frank},
  journal={Journal of programming languages},
  volume={3},
  number={3},
  pages={121--189},
  year={1995}
}

@InProceedings{app-distributed-qwesst,
  title        = "{QWeSST for {T}ype-{S}afe {W}eb {P}rogramming}",
  author       = "Thierry Sans and Iliano Cervesato",
  booktitle    = "Third International Workshop on Logics, Agents, and  Mobility",
  series       = "LAM'10",
  year         = "2010"
}

@INPROCEEDINGS{app-implicit-parameters,
    author = {Jeffrey R. Lewis and Mark B. Shields and Erik Meijer and John Launchbury},
    title = {Implicit parameters: dynamic scoping with static types},
    booktitle = {Proceedings of POPL},
    series = {POPL '00},
    year = {2000}
}

@inproceedings{app-security-models,
  author    = {Joseph A. Goguen and
               Jos{\'e} Meseguer},
  title     = {Security Policies and Security Models},
  booktitle = {IEEE Symposium on Security and Privacy},
  year      = {1982},
  pages     = {11-20},
}

@article{app-secure-information-flow,
 author = {Sabelfeld, A. and Myers, A. C.},
 title = {Language-based information-flow security},
 journal = {IEEE J.Sel. A. Commun.},
 issue_date = {September 2006},
 volume = {21},
 number = {1},
 month = sep,
 year = {2006},
 issn = {0733-8716},
 pages = {5--19},
 numpages = {15},
 url = {http://dx.doi.org/10.1109/JSAC.2002.806121},
 doi = {10.1109/JSAC.2002.806121},
 acmid = {2314769},
 publisher = {IEEE Press},
 address = {Piscataway, NJ, USA},
}

@INPROCEEDINGS{app-security-flowcaml,
    author = {Vincent Simonet},
    title = {Flow {C}aml in a Nutshell},
    booktitle = {Proceedings of the first APPSEM-II workshop},
    year = {2003},
    pages = {152--165}
}

@inproceedings{app-distributed-ml5,
 author = {Murphy,VII., Tom and Crary, Karl and Harper, Robert},
 title = {Type-safe distributed programming with {ML5}},
 booktitle={International Symposium on Trustworthy Global Computing},
 pages={108--123},
 year={2007},
 organization={Springer},
 series = {TGC'07},
 numpages = {16}
}

@inproceedings{app-capabilities,
  title={Typed memory management in a calculus of capabilities},
  author={Crary, Karl and Walker, David and Morrisett, Greg},
  booktitle={Proceedings of Symposium on principles of programming languages},
  pages={262--275},
  year={1999},
  organization={ACM}
}

@article{app-region-memory,
  title={Region-based memory management},
  author={Tofte, Mads and Talpin, Jean-Pierre},
  journal={Information and Computation},
  volume={132},
  number={2},
  pages={109--176},
  year={1997},
  publisher={Elsevier}
}

@inproceedings{app-safe-locking,
author = {Abadi, Martin and Flanagan, Cormac and Freund, Stephen N.},
title = {Types for Safe Locking: Static Race Detection for Java},
journal = {ACM Trans. Program. Lang. Syst.},
issue_date = {March 2006},
volume = {28},
number = {2},
month = mar,
year = {2006},
issn = {0164-0925},
pages = {207--255},
numpages = {49},
publisher = {ACM},
} 

@article{app-distributed-acute,
 author = {Sewell, Peter and Leifer, James J. and Wansbrough, Keith and Nardelli, Francesco Zappa
           and Allen-Williams, Mair and Habouzit, Pierre and Vafeiadis, Viktor},
 title = {Acute: High-level programming language design for distributed computation},
 journal = {Journal of Functional Programming},
 issue_date = {July 2007},
 volume = {17},
 number = {4-5},
 month = jul,
 year = {2007},
 issn = {0956-7968},
 pages = {547--612},
 numpages = {66},
 doi = {10.1017/S0956796807006442},
}

@inproceedings{app-distributed-rebinding,
 author = {Bierman, Gavin and Hicks, Michael and Sewell, Peter and Stoyle, Gareth and Wansbrough, Keith},
 title = {Dynamic rebinding for marshalling and update, with destruct-time $\lambda$},
 booktitle = {Proceedings of International conference on functional programming},
 series = {ICFP '03},
 year = {2003},
 isbn = {1-58113-756-7},
 location = {Uppsala, Sweden},
 pages = {99--110},
 numpages = {12},
 url = {http://doi.acm.org/10.1145/944705.944715},
 doi = {10.1145/944705.944715},
 acmid = {944715},
 publisher = {ACM},
 address = {New York, NY, USA},
 keywords = {distributed programming, dynamic binding, dynamic update, lambda calculus, marshalling, programming languages, serialisation},
}

@article{app-tainting-wasp,
 author = {Halfond, William and Orso, Alex and Manolios, Pete},
 title = {WASP: Protecting Web Applications Using Positive Tainting and Syntax-Aware Evaluation},
 journal = {IEEE Trans. Softw. Eng.},
 issue_date = {January 2008},
 volume = {34},
 number = {1},
 month = jan,
 year = {2008},
 issn = {0098-5589},
 pages = {65--81},
 numpages = {17},
 url = {http://dx.doi.org/10.1109/TSE.2007.70748},
 doi = {10.1109/TSE.2007.70748},
 acmid = {1340714},
 publisher = {IEEE Press},
 address = {Piscataway, NJ, USA},
 keywords = {Protection mechanisms, Protection mechanisms, Security and Protection, Security and Protection},
}

@inproceedings{app-tainting-xss,
  title={Cross site scripting prevention with dynamic data tainting and static analysis},
  author={Vogt, Philipp and Nentwich, Florian and Jovanovic, Nenad and Kirda, Engin and Kruegel, Christopher and Vigna, Giovanni},
  booktitle={Proceeding of the network and distributed system security symposium},
  volume={42},
  year={2007}
}

@inproceedings{app-tainting-sql,
  title={Using positive tainting and syntax-aware evaluation to counter SQL injection attacks},
  author={Halfond, William GJ and Orso, Alessandro and Manolios, Panagiotis},
  booktitle={Proceedings of International symposium on foundations of software engineering},
  pages={175--185},
  year={2006},
  organization={ACM}
}

@inproceedings{app-provenance-future,
  title={Provenance: a future history},
  author={Cheney, James and Chong, Stephen and Foster, Nate and Seltzer, Margo and Vansummeren, Stijn},
  booktitle={Proceedings of Conference on object oriented programming systems languages and applications},
  series = {OOPSLA '09},
  pages={957--964},
  year={2009},
  organization={ACM}
}


@inproceedings{app-provenance-db,
 author = {Cheney, James and Ahmed, Amal and Acar, Umut A.},
 title = {Provenance as dependency analysis},
 booktitle = {Proceedings of International conference on database programming languages},
 series = {DBPL'07},
 year = {2007},
 isbn = {3-540-75986-7, 978-3-540-75986-7},
 location = {Vienna, Austria},
 pages = {138--152},
 numpages = {15},
 url = {http://dl.acm.org/citation.cfm?id=1783534.1783549},
 acmid = {1783549},
 address = {Berlin, Heidelberg},
}

@INPROCEEDINGS{app-distributed-links,
    author = {Ezra Cooper and Sam Lindley and Philip Wadler and Jeremy Yallop},
    title = {Links: {W}eb programming without tiers},
    series = {FMCO '00},
    year = {2006}
}


@inproceedings{app-type-classes,
 author = {Wadler, P. and Blott, S.},
 title = {How to make ad-hoc polymorphism less ad hoc},
 booktitle = {Proceedings of Symposium on principles of programming languages},
 series = {POPL '89},
 year = {1989},
 isbn = {0-89791-294-2},
 location = {Austin, Texas, USA},
 pages = {60--76},
 numpages = {17},
 url = {http://doi.acm.org/10.1145/75277.75283},
 doi = {10.1145/75277.75283},
 acmid = {75283},
 publisher = {ACM},
 address = {New York, NY, USA},
}
@inproceedings{app-dcc,
 author = {Abadi, Mart\'{\i}n and Banerjee, Anindya and Heintze, Nevin and Riecke, Jon G.},
 title = {A core calculus of dependency},
 booktitle = {Proceedings of POPL},
 _series = {POPL '99},
 year = {1999},
}

@incollection{app-binding-time-analysis,
  title={A unified framework for binding-time analysis},
  author={Thiemann, Peter},
  booktitle={Theory and Practice of Software Development},
  pages={742--756},
  year={1997},
  publisher={Springer}
}
@article{app-cop-method,
  title={Context-oriented programming},
  author={Hirschfeld, Robert and Costanza, Pascal and Nierstrasz, Oscar},
  journal={Journal of Object Technology},
  volume={7},
  number={3},
  year={2008},
  publisher={Citeseer}
}

@inproceedings{app-cop-contextl,
 author = {Costanza, Pascal and Hirschfeld, Robert},
 title = {Language constructs for context-oriented programming: an overview of {ContextL}},
 booktitle = {Proceedings of Symposium on dynamic languages},
 series = {DLS '05},
 year = {2005},
 location = {San Diego, California},
 pages = {1--10},
 numpages = {10},
 url = {http://doi.acm.org/10.1145/1146841.1146842},
 doi = {10.1145/1146841.1146842},
 acmid = {1146842},
 publisher = {ACM},
 address = {New York, NY, USA},
 keywords = {Context-oriented Programming, dynamic scope, layers, views},
}

@inproceedings{app-cop-mobile2,
 author = {Du, Weichang and Wang, Lei},
 title = {Context-aware Application Programming for Mobile Devices},
 booktitle = {Proceedings of the 2008 C3S2E Conference},
 series = {C3S2E '08},
 year = {2008},
 isbn = {978-1-60558-101-9},
 pages = {215--227},
 numpages = {13},
 publisher = {ACM},
 address = {New York, NY, USA},
} 

@inproceedings{app-cop-mobile,
  title={A framework for developing mobile, context-aware applications},
  author={Biegel, Gregory and Cahill, Vinny},
  booktitle={Pervasive Computing and Communications, 2004},
  pages={361--365},
  year={2004},
  organization={IEEE}
}

@incollection{app-cop-javafwk,
  title={The {J}ava Context Awareness Framework ({JCAF}) -- {A} service infrastructure and programming framework for context-aware applications},
  author={Bardram, Jakob E},
  booktitle={Pervasive Computing},
  pages={98--115},
  year={2005},
  publisher={Springer}
}

@misc{app-android-multitarget,
author = {{Developers (Android)}},
howpublished = "\url{http://developer.android.com/training/multiple-apks/api.html}",
year = {2013},
title = {{Creating multiple APKs for different API levels}},
}

@article{app-dsu-programs,
  title={On dynamically updating a computer program: From concept to prototype},
  author={Frieder, Ophir and Segal, Mark E},
  journal={Journal of Systems and Software},
  volume={14},
  number={2},
  pages={111--128},
  year={1991},
  publisher={Elsevier}
}

@inproceedings{app-dsu,
 author = {Hicks, Michael and Moore, Jonathan T. and Nettles, Scott},
 title = {Dynamic Software Updating},
 booktitle = {Proceedings of Conference on Programming Language Design and Implementation},
 series = {PLDI '01},
 year = {2001},
 isbn = {1-58113-414-2},
 pages = {13--23},
 numpages = {11},
 publisher = {ACM},
} 

@article{{app-dsu-mutatis,
 author = {Stoyle, Gareth and Hicks, Michael and Bierman, Gavin and Sewell, Peter and Neamtiu, Iulian},
 title = {Mutatis Mutandis: Safe and Predictable Dynamic Software Updating},
 journal = {ACM Trans. Program. Lang. Syst.},
 issue_date = {August 2007},
 volume = {29},
 number = {4},
 month = aug,
 year = {2007},
 issn = {0164-0925},
 articleno = {22},
 publisher = {ACM},
 address = {New York, NY, USA},
} 

@incollection{app-fsharp-async,
  title={The {F\#} asynchronous programming model},
  author={Syme, Don and Petricek, Tomas and Lomov, Dmitry},
  booktitle={Practical Aspects of Declarative Languages},
  pages={175--189},
  year={2011},
  publisher={Springer}
}

@inproceedings{app-fsharp-metaprog,
  title={Leveraging {.NET} meta-programming components from {F\#}: integrated queries and interoperable heterogeneous execution},
  author={Syme, Don},
  booktitle={Proceedings of the 2006 workshop on ML},
  pages={43--54},
  year={2006},
  organization={ACM}
}

@inproceedings{app-haskell-stm,
  title={Composable memory transactions},
  author={Harris, Tim and Marlow, Simon and Peyton-Jones, Simon and Herlihy, Maurice},
  booktitle={Proceedings of Symposium on principles and practice of parallel programming},
  pages={48--60},
  year={2005},
  organization={ACM}
}

@misc{app-fsharp-world,
  author = {Tomas Petricek},
  title = {Understanding the world with {F\#}},
  date = {2013},
  howpublished = {Available at \url{http://channel9.msdn.com/posts/Understanding-the-World-with-F}},
}

@misc{app-android-apilevel,
  author = {Google},
  title = {What is {API} level},
  date = {March 2014},
  howpublished = {Retrieved from \url{http://developer.android.com/guide/topics/manifest/uses-sdk-element.html#ApiLevels}},
}

@incollection{app-units,
  title={Types for units-of-measure: Theory and practice},
  author={Kennedy, Andrew},
  booktitle={Central European Functional Programming School},
  pages={268--305},
  year={2010},
  publisher={Springer}
}

@inproceedings{app-age-of-web,
  author    = {Petricek, Tomas and Syme, Don and Bray, Zach},
  title     = {In the Age of Web: Typed Functional-First Programming Revisited},
  booktitle = {Post-proceedings of ML Workshop},
  series    = {ML 2014},
  location  = {Gotenburg, Sweden}
}

@comment{------------------------------------------------------------------------------------------}
@comment{   5. Types, logic and semantics
@comment{------------------------------------------------------------------------------------------}

@incollection{semantics-bltres,
  title={Bounded linear types in a resource semiring},
  author={Ghica, Dan R and Smith, Alex I},
  booktitle={Programming Languages and Systems},
  pages={331--350},
  year={2014},
  publisher={Springer}
}


@article{logic-bounded,
  title={Bounded linear logic: a modular approach to polynomial-time computability},
  author={Girard, Jean-Yves and Scedrov, Andre and Scott, Philip J},
  journal={Theoretical computer science},
  volume={97},
  number={1},
  pages={1--66},
  year={1992}
}

@article{logic-modal-linear,
  title={A modal view of linear logic},
  author={Martini, S. and Masini, A.},
  journal={Journal of Symbolic Logic},
  pages={888--899},
  year={1994},
  publisher={JSTOR}
}

@article{semantics-storage,
  title={! and?--{S}torage as tensorial strength},
  author={Blute, RF and Cockett, J.R.B. and Seely, RAG},
  journal={Mathematical Structures in Computer Science},
  volume={6},
  number={04},
  pages={313--351},
  year={1996},
  publisher={Cambridge Univ Press}
}

@inproceedings{logic-modal-linear-distrib,
  title={A modal linear logic for distribution and mobility},
  author={Biri, N. and Galmiche, D. and Poincar, H.},
  booktitle={FLOC’02 Workshop on Linear Logic},
  year={2002},
}

@article{logic-modal-staged,
  author = {Davies, Rowan and Pfenning, Frank},
  title = {A Modal Analysis of Staged Computation},
  journal = {Journal of the ACM},
  issue_date = {May 2001},
  volume = {48},
  number = {3},
  month = may,
  year = {2001},
  issn = {0004-5411},
  pages = {555--604},
  numpages = {50},
  publisher = {ACM},
} 

@article{logic-modal-reconstruction,
 author = {Pfenning, Frank and Davies, Rowan},
 title = {A judgmental reconstruction of modal logic},
 journal = {Mathematical. Structures in Comp. Sci.},
 issue_date = {August 2001},
 volume = {11},
 number = {4},
 month = aug,
 year = {2001},
 issn = {0960-1295},
 pages = {511--540},
 numpages = {30},
}

@inproceedings{logic-distributed-calculus,
 author = {Murphy VII, Tom and Crary, Karl and Harper, Robert and Pfenning, Frank},
 title = {A Symmetric Modal Lambda Calculus for Distributed Computing},
 series = {LICS '04},
 year = {2004},
 isbn = {0-7695-2192-4},
 pages = {286--295},
 numpages = {10},
}

@inproceedings{logic-distributed-modal,
 author = {Murphy VII, Tom and Crary, Karl and Harper, Robert},
 title = {Distributed control flow with classical modal logic},
 booktitle = {Proceedings of International conference on computer science logic},
 series = {CSL'05},
 year = {2005},
 isbn = {3-540-28231-9, 978-3-540-28231-0},
 location = {Oxford, UK},
 pages = {51--69},
 numpages = {19},
 url = {http://dx.doi.org/10.1007/11538363_6},
 doi = {10.1007/11538363_6},
 acmid = {2156267},
}

@article{logic-modal-s41,
  title={On a {M}odal $\lambda$-{C}alculus for {S}4},
  author={Pfenning, F. and Wong, H.C.},
  journal={Electronic Notes in Theoretical Computer Science},
  volume={1},
  pages={515--534},
  year={1995},
  publisher={Elsevier}
}

@ARTICLE{logic-intuitionistic-modal,
    author = {Bierman, Gavin and de Paiva, Valeria},
    title = {On an Intuitionistic Modal Logic},
    journal = {Studia Logica},
    year = {2001},
    volume = {65},
    pages = {2000}
}

@article{logic-modal-safety,
  title={A modal language for the safety of mobile values},
  author={Park, S.},
  journal={Programming Languages and Systems},
  pages={217--233},
  year={2006},
  publisher={Springer}
}

@unpublished{semantics-operational-modal-effects,
    author = {Sungwoo Park and Robert Harper},
    title = {A Modal Language for Effects},
    year = {2004},
    note = {(Manuscript)}
}


@inproceedings{semantics-containers,
  title={Categories of containers},
  author={Abbott, Michael and Altenkirch, Thorsten and Ghani, Neil},
  booktitle={Foundations of Software Science and Computation Structures},
  pages={23--38},
  year={2003},
  organization={Springer}
}

@inproceedings{types-phantom,
  author = {Leijen, Daan and Meijer, Erik},
  title = {Domain Specific Embedded Compilers},
  booktitle = {Proceedings of Conference on Domain-specific Languages},
  series = {DSL '99},
  year = {1999},
  isbn = {1-58113-255-7},
  pages = {109--122},
  numpages = {14},
  publisher = {ACM},
} 

@article{types-containers,
  title={Containers: {C}onstructing strictly positive types},
  author={Abbott, Michael and Altenkirch, Thorsten and Ghani, Neil},
  journal={Theoretical Computer Science},
  volume={342},
  number={1},
  pages={3--27},
  year={2005},
  publisher={Elsevier}
}


@article{types-hoare-theory,
  author    = {Aleksandar Nanevski and Gregory Morrisett and Lars Birkedal},
  title     = {Hoare type theory, polymorphism and separation},
  journal   = {Journal of Functional Programming},
  volume    = {18},
  number    = {5-6},
  year      = {2008},
  pages     = {865-911}
}

@article{logic-cmtt,
 author = {Nanevski, Aleksandar and Pfenning, Frank and Pientka, Brigitte},
 title = {Contextual modal type theory},
 journal = {ACM Trans. Comput. Logic},
 issue_date = {June 2008},
 volume = {9},
 number = {3},
 month = jun,
 year = {2008},
 issn = {1529-3785},
 pages = {23:1--23:49},
 articleno = {23},
 numpages = {49},
 url = {http://doi.acm.org/10.1145/1352582.1352591},
 doi = {10.1145/1352582.1352591},
 acmid = {1352591},
 publisher = {ACM},
 address = {New York, NY, USA},
 keywords = {Type theory, intuitionistic modal logic, logical frameworks},
}

@article{logic-cmtt-semantics,
  author    = {Murdoch Gabbay and
               Aleksandar Nanevski},
  title     = {Denotation of syntax and metaprogramming in contextual modal
               type theory ({CMTT})},
  journal   = {CoRR},
  volume    = {abs/1202.0904},
  year      = {2012},
  ee        = {http://arxiv.org/abs/1202.0904},
  bibsource = {DBLP, http://dblp.uni-trier.de}
}

@PhdThesis{types-inference,
  title={Type assignment in programming languages},
  author={Damas, Luis},
  year={1984},
  school={The University of Edinburgh}
}
@inproceedings{types-mlessence,
  title={The essence of {ML} type inference},
  author={Pottier, Fran{\c{c}}ois and R{\'e}my, Didier},
  year={2005},
  booktitle={Advanced Topics in Types and Programming Languages}
}

@inproceedings{logic-modal-dynbinding,
 author = {Nanevski, Aleksandar},
 title = {From dynamic binding to state via modal possibility},
 booktitle = {Proceedings of PPDP'03},
 _series = {PPDP '03},
 year = {2003},
 isbn = {1-58113-705-2},
 location = {Uppsala, Sweden},
 pages = {207--218},
 numpages = {12},
 url = {http://doi.acm.org/10.1145/888251.888271},
 doi = {10.1145/888251.888271},
 acmid = {888271},
 publisher = {ACM},
 address = {New York, NY, USA},
 keywords = {dynamic binding, effect systems, modal lambda-calculus, state},
}

@PhdThesis{logic-modal-fp,
author = {Aleksandar Nanevski},
title = {Functional Programming with Names and Necessity},
school = {Carnegie Mellon University},
year = {2004},
}

@inproceedings{types-units-of-measure,
  title={Relational parametricity and units of measure},
  author={Kennedy, Andrew J},
  booktitle={Proceedings of Symposium on principles of programming languages},
  pages={442--455},
  year={1997},
  organization={ACM}
}

@article{types-dependent-ml,
  title={Dependent {ML}: An approach to practical programming with dependent types},
  author={Xi, Hongwei},
  journal={Journal of Functional Programming},
  volume={17},
  number={02},
  pages={215--286},
  year={2007},
  publisher={Cambridge Univ Press}
}

@inproceedings{types-bidirectional,
  title={Complete and easy bidirectional typechecking for higher-rank polymorphism},
  author={Dunfield, Joshua and Krishnaswami, Neelakantan R},
  booktitle={Proceedings of International conference on functional programming},
  pages={429--442},
  year={2013},
  organization={ACM}
}


@comment{------------------------------------------------------------------------------------------}
@comment{  6. Substructural, linear, bunched
@comment{------------------------------------------------------------------------------------------}

@inproceedings{substruct-separation-logic,
 author = {O'Hearn, Peter W. and Reynolds, John C. and Yang, Hongseok},
 title = {Local Reasoning about Programs that Alter Data Structures},
 booktitle = {Proceedings of International workshop on computer science logic},
 series = {CSL '01},
 year = {2001},
 isbn = {3-540-42554-3},
 pages = {1--19},
 numpages = {19},
 url = {http://dl.acm.org/citation.cfm?id=647851.737404},
 acmid = {737404}
}

@inbook{substruct-attpl-intro,
  author = {David Walker},
  title = {Substructural Type Systems},
  booktitle = {Advanced Topics in Types and Programming Languages},
  date = {2002},
  bookauthor = {Benjamin C. Pierce},
  publisher = {MIT Press},
  isbn = {0-262-16228-8},
  pages = {3-43},
}


@INPROCEEDINGS{substruct-linear-change,
    author = {Philip Wadler},
    title = {Linear Types Can Change the World!},
    booktitle = {Programming Concepts and Methods},
    year = {1990},
    publisher = {North}
}

@article{substruct-bunched,
 author = {O'Hearn, Peter},
 title = {On bunched typing},
 journal = {Journal of Functional Programming},
 issue_date = {July 2003},
 volume = {13},
 number = {4},
 month = jul,
 year = {2003},
 issn = {0956-7968},
 pages = {747--796},
 numpages = {50},
 publisher = {Cambridge University Press},
 address = {New York, NY, USA},
}

@comment{------------------------------------------------------------------------------------------}
@comment{  7. Dataflow
@comment{------------------------------------------------------------------------------------------}

@article{app-synchronous-lang,
  title={The synchronous languages 12 years later},
  author={Benveniste, Albert and Caspi, Paul and Edwards, Stephen A. and Halbwachs, Nicolas and Le Guernic, Paul and De Simone, Robert},
  journal={Proceedings of the IEEE},
  volume={91},
  number={1},
  pages={64--83},
  year={2003},
  publisher={IEEE}
}

@article{app-synchronous-lustre,
  title={The synchronous data flow programming language {L}ustre},
  author={Halbwachs, Nicholas and Caspi, Paul and Raymond, Pascal and Pilaud, Daniel},
  journal={Proceedings of the IEEE},
  volume={79},
  number={9},
  pages={1305--1320},
  year={1991},
  publisher={IEEE}
}

@article{app-dataflow-init,
   title={Type-based initialization analysis of a synchronous dataflow language},
  author={Cola{\c{c}}o, Jean-Louis and Pouzet, Marc},
  journal={International Journal on Software Tools for Technology Transfer (STTT)},
  volume={6},
  number={3},
  pages={245--255},
  year={2004},
  publisher={Springer}
}

@inproceedings{app-dataflow-essence,
 author = {Uustalu, Tarmo and Vene, Varmo},
 title = {The essence of dataflow programming},
 booktitle = {Proceedings of the third asian conference on programming languages and systems},
 series = {APLAS'05},
 year = {2005},
 isbn = {3-540-29735-9, 978-3-540-29735-2},
 location = {Tsukuba, Japan},
 pages = {2--18},
 numpages = {17},
 url = {http://dx.doi.org/10.1007/11575467_2},
 doi = {10.1007/11575467_2},
 acmid = {2099712}
}

@book{app-lucid,
 author = {Wadge, William W. and Ashcroft, Edward A.},
 title = {LUCID, the dataflow programming language},
 year = {1985},
 isbn = {0-12-729650-6},
 publisher = {Academic Press Professional, Inc.},
 address = {San Diego, CA, USA},
}

@inproceedings{app-lucid-monads,
  title={Monads and intensionality},
  author={Wadge, Bill},
  booktitle={International Symposium on Lucid and Intensional Programming},
  volume={95},
  year={1995}
}

@comment{------------------------------------------------------------------------------------------}
@comment{   8. Syntactic methods
@comment{------------------------------------------------------------------------------------------}

@book{syntactic-tapl,
  title={Types and programming languages},
  author={Pierce, Benjamin C},
  year={2002},
  publisher={MIT press}
}


@book{syntactic-sml,
  title={The {D}efinition of {S}tandard {ML}: {R}evised},
  author={Milner, Robin},
  year={1997},
  publisher={MIT press}
}

@article{syntactic-approach,
  title={A {S}yntactic {A}pproach to {T}ype {S}oundness},
  author={Wright, Andrew K and Felleisen, Matthias},
  journal={Information and computation},
  volume={115},
  number={1},
  pages={38--94},
  year={1994},
  publisher={Elsevier}
}
@comment{------------------------------------------------------------------------------------------}
@comment{   9. Other and tools
@comment{------------------------------------------------------------------------------------------}

@unpublished{ other-prover9-mace4,
    author = "W. McCune",
    title = "Prover9 and Mace4",
    note = "\verb|http://www.cs.unm.edu/~mccune/prover9/|",
    year = "2005--2012"
}

@book{philosophy-kuhn,
  author = {Kuhn, Thomas S.},
  booktitle = {The Structure of Scientific Revolutions},
  publisher = {University of Chicago Press},
  title = {The structure of scientific revolutions},
  year = 1970
}


@book{philosophy-lakatos,
author = {Imre Lakatos},
title = {Methodology of scientific research programmes: philosophical papers},
year = {1980},
publisher = {Cambridge University Press },
isbn = {978-0521280310},
}

@book{philosophy-feyerabend,
author = {Paul Feyerabend},
title = {Against Method},
isbn = {978-1844674428},
publisher = {Verso},
date = {2010},
}

@book{other-haskell98,
  title={Haskell 98 language and libraries: the revised report},
  author={Peyton Jones, Simon},
  year={2003},
  publisher={Cambridge University Press}
}


@incollection{other-agda,
  title={A brief overview of {A}gda--a functional language with dependent types},
  author={Bove, Ana and Dybjer, Peter and Norell, Ulf},
  booktitle={Theorem Proving in Higher Order Logics},
  pages={73--78},
  year={2009},
  publisher={Springer}
}

@article{other-idris,
  title={Idris, a general-purpose dependently typed programming language: Design and implementation},
  author={Brady, Edwin},
  journal={Journal of Functional Programming},
  volume={23},
  number={05},
  pages={552--593},
  year={2013},
  publisher={Cambridge Univ Press}
}

@inproceedings{haskell-promotion,
  title={Giving {Haskell} a promotion},
  author={Yorgey, Brent A and Weirich, Stephanie and Cretin, Julien and Peyton Jones, Simon and Vytiniotis, Dimitrios and Magalh{\~a}es, Jos{\'e} Pedro},
  booktitle={Proceedings of Workshop on types in language design and implementation},
  year={2012},
  organization={ACM}
}

@inproceedings{haskell-families,
 author = {Chakravarty, Manuel M. T. and Keller, Gabriele and Jones, Simon Peyton},
 title = {Associated Type Synonyms},
 booktitle = {Proceedings of International Conference on Functional Programming},
 series = {ICFP '05},
 year = {2005},
 pages = {241--253},
 numpages = {13}
} 

@article{haskell-faking,
  title={Faking it: {S}imulating dependent types in {H}askell},
  author={McBride, Conor},
  journal={Journal of functional programming},
  volume={12},
  number={4-5},
  pages={375--392},
  year={2002},
  publisher={Cambridge Univ Press}
}

@misc{essay-explorable,
  title={Explorable explanations},
  author={Victor, Bret},
  year={2011},
  howpublished = {Available at \url{http://worrydream.com/ExplorableExplanations/}},
}

@misc{essay-seeing,
  title={Seeing circles, sines, and signals: A compact primer on digital signal processing},
  author={Schaedler, Jack},
  year={2015},
  howpublished = {Available at \url{https://github.com/jackschaedler/circles-sines-signals}},
}

@misc{essay-polygons,
  title={Parable of the polygons: A playable post on the shape of society},
  author={Hart, Vi and Case, Nicky},
  year={2014},
  howpublished = {Available at \url{http://ncase.me/polygons/}},
}

@article{essay-segregation,
  title={Dynamic models of segregation},
  author={Schelling, Thomas},
  journal={Journal of mathematical sociology},
  volume={1},
  number={2},
  pages={143--186},
  year={1971},
  publisher={Taylor \& Francis}
}

@article{essay-medium,
  title={The medium is the message},
  author={McLuhan, Marshall and Fiore, Quentin},
  journal={New York},
  volume={123},
  pages={126--128},
  year={1967}
}

@book{essay-albers,
  title={Interaction of color},
  author={Albers, Josef},
  year={2013},
  publisher={Yale University Press}
}

@misc{essay-albers-app,
  title={Interaction of color: App for i{P}ad},
  author={{Potion Design Studio, based on the work of Josef Albers}},
  year={2013},
  howpublished = {Available at \url{http://yupnet.org/interactionofcolor/}},
  publisher={Yale Books Unbound}
}

@misc{other-fparsec,
  title={{FParsec} -- A Parser Combinator Library for {F\#}},
  author={Tolksdorf, Stephan},
  year={2013},
  howpublished={Available at \url{http://www.quanttec.com/fparsec}}
}


@misc{other-funscript,
  title={FunScript: F\# to {JavaScript} with type providers},
  author={Bray, Zach},
  year={2016},
  howpublished={Available at \url{http://funscript.info/}}
}

@article{essay-mathjax,
  title={{MathJax}: a platform for mathematics on the Web},
  author={Cervone, Davide},
  journal={Notices of the AMS},
  volume={59},
  number={2},
  pages={312--316},
  year={2012}
}
